@Book{xie2015,
  title = {Dynamic Documents with {R} and knitr},
  author = {Yihui Xie},
  publisher = {Chapman and Hall/CRC},
  address = {Boca Raton, Florida},
  year = {2015},
  edition = {2nd},
  note = {ISBN 978-1498716963},
  url = {http://yihui.name/knitr/},
}

@book{christensen2019transparent,
  title={Transparent and reproducible social science research: How to do open science},
  author={Christensen, Garret and Freese, Jeremy and Miguel, Edward},
  year={2019},
  publisher={University of California Press}
}


@book{national2019reproducibility,
  title={Reproducibility and replicability in science},
  author={{National Academies of Sciences}},
  year={2019},
  publisher={National Academies Press},
  url = {https://pubmed.ncbi.nlm.nih.gov/31596559/}
}


@article{simonsohn2019specification,
  title={Specification curve: Descriptive and inferential statistics on all reasonable specifications},
  author={Simonsohn, Uri and Simmons, Joseph P and Nelson, Leif D},
  journal={Available at SSRN 2694998},
  year={2019}
}


@article {King95,
	title = {Replication, Replication},
	journal = {PS: Political Science and Politics},
	volume = {28},
	year = {1995},
	note = {See updates to this paper\&nbsp;for how I use this paper as a class assignment now.},
	month = {September},
	pages = {444-452},
	abstract = {Political science is a community enterprise and the community of empirical political scientists need access to the body of data necessary to replicate existing studies to understand, evaluate, and especially build on this work. Unfortunately, the norms we have in place now do not encourage, or in some cases even permit, this aim. Following are suggestions that would facilitate replication and are easy to implement {\textendash} by teachers, students, dissertation writers, graduate programs, authors, reviewers, funding agencies, and journal and book editors.},
	author = {Gary King}
}

@article{galiani2018make,
  title={How to make replication the norm},
  author={Galiani, S and Gertler, P and Romero, M},
  journal={Nature},
  volume={554},
  number={7693},
  pages={417--419},
  year={2018}
}



@article{chang2015economics,
  title={Is economics research replicable? Sixty published papers from thirteen journals say'usually not'},
  author={Chang, Andrew and Li, Phillip},
  journal={Available at SSRN 2669564},
  year={2015}
}

@inproceedings{kingi2018reproducibility,
  title={The Reproducibility of Economics Research: A Case Study},
  author={Kingi, Hautahi and Vilhuber, Lars and Herbert, Sylverie and Stanchi, Flavio},
  year={2018},
  organization={Presented at the BITSS Annual Meeting 2018 and available at the Open Science~â€¦}
}