@Book{xie2015,
  title = {Dynamic Documents with {R} and knitr},
  author = {Yihui Xie},
  publisher = {Chapman and Hall/CRC},
  address = {Boca Raton, Florida},
  year = {2015},
  edition = {2nd},
  note = {ISBN 978-1498716963},
  url = {http://yihui.name/knitr/},
}

@book{christensen2019transparent,
  title={Transparent and reproducible social science research: How to do open science},
  author={Christensen, Garret and Freese, Jeremy and Miguel, Edward},
  year={2019},
  publisher={University of California Press}
}
